@Book{,
  title     = {Datenbanken und SQL - Eine praxisorientierte Einf√ºhrung mit Anwendungen in Oracle, SQL Server und MySQL},
  publisher = {Springer-Verlag},
  year      = {2017},
  author    = {Edwin Schicker},
  address   = {Berlin Heidelberg New York},
  edition   = {5.},
  isbn      = {978-3-658-16129-3},
}